\documentclass{beamer}
    
@misc{monti2019fake,
      title={Fake News Detection on Social Media using Geometric Deep Learning}, 
      author={Federico Monti and Fabrizio Frasca and Davide Eynard and Damon Mannion and Michael M. Bronstein},
      year={2019},
      eprint={1902.06673},
      archivePrefix={arXiv},
      primaryClass={cs.SI}
}
@misc{southern2023curvature,
      title={Curvature Filtrations for Graph Generative Model Evaluation}, 
      author={Joshua Southern and Jeremy Wayland and Michael Bronstein and Bastian Rieck},
      year={2023},
      eprint={2301.12906},
      archivePrefix={arXiv},
      primaryClass={cs.LG}
}

@article{singh2007topological,
  title={Topological methods for the analysis of high dimensional data sets and 3d object recognition.},
  author={Singh, Gurjeet and M{\'e}moli, Facundo and Carlsson, Gunnar E and others},
  journal={PBG@ Eurographics},
  volume={2},
  pages={091--100},
  year={2007}
}

@misc{bronstein2021geometric,
      title={Geometric Deep Learning: Grids, Groups, Graphs, Geodesics, and Gauges}, 
      author={Michael M. Bronstein and Joan Bruna and Taco Cohen and Petar Veličković},
      year={2021},
      eprint={2104.13478},
      archivePrefix={arXiv},
      primaryClass={cs.LG}
}